@online{jenkins,
   author		= {Jenkins Wiki},
   title		= {Jenkins installieren},
   howpublished = {\url {https://wiki.jenkins-ci.org/display/JENKINS/Installing+Jenkins+on+Ubuntu}},
   note			= {zuletzt besucht: 13.02.2016}
}

@online{steveblog,
   author		= {Steve},
   title		= {Automated python unit testing, code coverage and code quality analysis with Jenkins - part 3},
   howpublished = {\url {http://bhfsteve.blogspot.co.at/2012/04/automated-python-unit-testing-code_27.html}},
   note			= {zuletzt besucht: 13.02.2016}
}

@online{repo,
   author		= {Michael Weinberger 5BHIT},
   title		= {Repository zur Aufgabe},
   howpublished = {\url {https://github.com/mweinberger-tgm/Continuous-Integration.git}},
   note			= {zuletzt besucht: 13.02.2016}
}